<record><leader>00000cas a22000007a 4500</leader><controlfield tag="001">29377005</controlfield><controlfield tag="008">931123d19421947akuwr ne      0    0eng d</controlfield><datafield ind1=" " ind2=" " tag="010"><subfield code="a">sn 93049279 </subfield></datafield><datafield ind1=" " ind2=" " tag="040"><subfield code="a">ANE</subfield><subfield code="b">eng</subfield><subfield code="c">ANE</subfield><subfield code="d">OCLCQ</subfield><subfield code="d">OCLCF</subfield><subfield code="d">OCLCO</subfield></datafield><datafield ind1="1" ind2=" " tag="029"><subfield code="a">AU@</subfield><subfield code="b">000025882007</subfield></datafield><datafield ind1=" " ind2=" " tag="042"><subfield code="a">msc</subfield></datafield><datafield ind1=" " ind2=" " tag="043"><subfield code="a">n-us-ak</subfield></datafield><datafield ind1="0" ind2=" " tag="130"><subfield code="a">Alaska press (Juneau, Alaska : 1942)</subfield></datafield><datafield ind1="1" ind2="0" tag="245"><subfield code="a">Alaska press.</subfield></datafield><datafield ind1=" " ind2=" " tag="260"><subfield code="a">Juneau, Alaska :</subfield><subfield code="b">Capitol Pub. Co.,</subfield><subfield code="c">1942-1947.</subfield></datafield><datafield ind1=" " ind2=" " tag="300"><subfield code="a">6 v.</subfield></datafield><datafield ind1=" " ind2=" " tag="310"><subfield code="a">Weekly</subfield></datafield><datafield ind1="0" ind2=" " tag="362"><subfield code="a">Vol. 44, no. 3509 (Jan. 2, 1942)-v. 49, no. 3794 (June 19, 1947).</subfield></datafield><datafield ind1=" " ind2=" " tag="515"><subfield code="a">Issues for Dec. 24, 1941 and Dec. 26, 1941 called also no. 3509 and no. 3510.</subfield></datafield><datafield ind1=" " ind2="0" tag="651"><subfield code="a">Juneau (Alaska)</subfield><subfield code="v">Newspapers.</subfield></datafield><datafield ind1=" " ind2="7" tag="655"><subfield code="a">Newspapers.</subfield><subfield code="2">fast</subfield><subfield code="0">(OCoLC)fst01423814</subfield></datafield><datafield ind1=" " ind2="7" tag="651"><subfield code="a">Alaska</subfield><subfield code="z">Juneau.</subfield><subfield code="2">fast</subfield><subfield code="0">(OCoLC)fst01213587</subfield></datafield><datafield ind1=" " ind2=" " tag="752"><subfield code="a">United States</subfield><subfield code="b">Alaska</subfield><subfield code="d">Juneau.</subfield></datafield><datafield ind1="0" ind2="0" tag="780"><subfield code="t">Alaska daily press</subfield><subfield code="w">(DLC)sn 93049278</subfield><subfield code="w">(OCoLC)29376906</subfield></datafield><datafield ind1="0" ind2="0" tag="785"><subfield code="t">Alaska Sunday press</subfield><subfield code="w">(DLC)sn 93049280</subfield><subfield code="w">(OCoLC)29377060</subfield></datafield></record>